<record><leader>00000cas a22000007a 4500</leader><controlfield tag="001">13778731</controlfield><controlfield tag="008">860625d18961921iauwr ne      0    0eng d</controlfield><datafield ind1=" " ind2=" " tag="010"><subfield code="a">sn 86060113 </subfield></datafield><datafield ind1=" " ind2=" " tag="040"><subfield code="a">INP</subfield><subfield code="b">eng</subfield><subfield code="c">INP</subfield><subfield code="d">OCLCQ</subfield></datafield><datafield ind1=" " ind2=" " tag="042"><subfield code="a">msc</subfield></datafield><datafield ind1="0" ind2="0" tag="245"><subfield code="a">Poweshiek County palladium.</subfield></datafield><datafield ind1="1" ind2="3" tag="246"><subfield code="a">Palladium</subfield></datafield><datafield ind1=" " ind2=" " tag="260"><subfield code="a">Montezuma, Iowa :</subfield><subfield code="b">R.L. &amp; R.A. Mortland,</subfield><subfield code="c">-1921.</subfield></datafield><datafield ind1=" " ind2=" " tag="300"><subfield code="a">v. :</subfield><subfield code="b">ill. ;</subfield><subfield code="c">54 cm.</subfield></datafield><datafield ind1=" " ind2=" " tag="310"><subfield code="a">Weekly</subfield></datafield><datafield ind1="0" ind2=" " tag="362"><subfield code="a">-v. 26, no. 51 (May 10, 1921).</subfield></datafield><datafield ind1="1" ind2=" " tag="362"><subfield code="a">Began in 1896.</subfield><subfield code="z">Cf. Montezuma Republican (Montezuma, Iowa : 1921), May 12, 1921.</subfield></datafield><datafield ind1=" " ind2=" " tag="500"><subfield code="a">Publishers: R.L. &amp; R.A. Mortland, &lt;Jan. 5, 1916&gt;-Mar. 30, 1920; R.A. Mortland, Apr. 6, 1920-May 10, 1921.</subfield></datafield><datafield ind1=" " ind2=" " tag="588"><subfield code="a">Description based on: Vol. 21, no. 32 (Jan. 5, 1916).</subfield></datafield><datafield ind1=" " ind2=" " tag="752"><subfield code="a">United States</subfield><subfield code="b">Iowa</subfield><subfield code="c">Poweshiek</subfield><subfield code="d">Montezuma.</subfield></datafield><datafield ind1="0" ind2="7" tag="785"><subfield code="t">Montezuma Republican (Montezuma, Iowa : 1911)</subfield><subfield code="w">(DLC)sn 88059432</subfield></datafield><datafield ind1="0" ind2="7" tag="785"><subfield code="t">Montezuma Republican and Poweshiek County palladium</subfield><subfield code="w">(DLC)sn 88059433</subfield></datafield><datafield ind1="1" ind2=" " tag="029"><subfield code="a">AU@</subfield><subfield code="b">000023526893</subfield></datafield></record>